<?xml version="1.0" encoding="UTF-8"?><collection xmlns="http://www.loc.gov/MARC21/slim"><record><leader>00585nam--2200205-u-4500</leader><controlfield tag="001">000053307</controlfield><controlfield tag="002">20161230</controlfield><controlfield tag="005">20161230201051</controlfield><controlfield tag="008">110202s1000------------r-----000-0-rum-d</controlfield><datafield ind1=" " ind2=" " tag="020"><subfield code="a">9739874215</subfield></datafield><datafield ind1=" " ind2=" " tag="040"><subfield code="a">IFIN-HH</subfield></datafield><datafield ind1=" " ind2=" " tag="041"><subfield code="a">rum</subfield></datafield><datafield ind1=" " ind2=" " tag="080"><subfield code="a">539.23:53.07</subfield></datafield><datafield ind1="1" ind2=" " tag="100"><subfield code="a">Lacatus, Elena</subfield></datafield><datafield ind1="1" ind2="0" tag="245"><subfield code="a">Tehnologii de fabricare a straturilor subtiri;</subfield><subfield code="b">Aplicatii tehnologice; laboratoare;</subfield><subfield code="c">Elena lacatus; mariana braic; viorel braic</subfield></datafield><datafield ind1=" " ind2=" " tag="260"><subfield code="a">Bucuresti</subfield><subfield code="b">Inoe 2000</subfield><subfield code="c">1998</subfield></datafield><datafield ind1=" " ind2=" " tag="300"><subfield code="a">92P</subfield></datafield><datafield ind1="1" ind2=" " tag="700"><subfield code="a">Braic, Viorel</subfield></datafield><datafield ind1=" " ind2=" " tag="852"><subfield code="a">82315</subfield><subfield code="c">539.23</subfield></datafield><datafield ind1=" " ind2=" " tag="CAT"><subfield code="a">Sys</subfield><subfield code="c">20110406</subfield><subfield code="h">135954</subfield></datafield></record></collection>